@MISC{Wolff2007,
    author = {Krister Wolff and Mattias Wahde},
    title = {Evolution of Biped Locomotion Using Linear Genetic Programming},
    url = "https://www.intechopen.com/books/climbing_and_walking_robots_towards_new_applications/evolution_of_biped_locomotion_using_linear_genetic_programming",
    note = "[Online; navštíveno 20.03.2018]"
}


@book{Brameier2010,
    author = {M. F. Brameier and W. Banzhaf},
    title = {Linear Genetic Programming},
    year = {2010},
    isbn = {1441940480, 9781441940483},
    edition = {1st},
    publisher = {Springer Publishing Company, Incorporated},
}

@book{Koza1992,
    author = {J. R. Koza},
    title = {Genetic Programming: On the Programming of Computers by Means of Natural Selection},
    year = {1992},
    isbn = {0-262-11170-5},
    publisher = {MIT Press},
    address = {Cambridge, MA, USA},
}

@book{Eiben2015,
    author = {Eiben, A. E. and Smith, James E.},
    title = {Introduction to Evolutionary Computing},
    year = {2015},
    isbn = {3662448734, 9783662448731},
    edition = {2nd},
    publisher = {Springer Publishing Company, Incorporated},
}
