@INPROCEEDINGS{Melendez2012,
author = {A. Melendez and O. Castillo},
booktitle = {2012 Fourth World Congress on Nature and Biologically Inspired Computing (NaBIC)},
title = {Optimization of type-2 fuzzy reactive controllers for an autonomous mobile robot},
year = {2012},
volume = {},
number ={},
pages ={207-211},
keywords ={evolutionary computation;fuzzy control;mobile robots;path planning;autonomous mobile robot;evolutionary algorithm approach;mobile robot navigation;type-2 fuzzy logic control;type-2 fuzzy reactive controller optimization;Fuzzy logic;Mobile robots;Robot kinematics;Robot sensing systems;Trajectory;Wheels;control;fuzzylogic;genetic algorithm;reactive},
doi ={10.1109/NaBIC.2012.6402263},
ISSN ={},
month ={Nov},
}

@Article{Saffiotti1997,
author = "A. Saffiotti",
title ="The uses of fuzzy logic in autonomous robot navigation",
journal = "Soft Computing",
year = "1997",
month = "Dec",
day = "01",
volume ="1",
number = "4",
pages = "180--197",
abstract = "{\enspace}The development of techniques for autonomous navigation in real-world environments constitutes one of the major trends in the current research on robotics. An important problem in autonomous navigation is the need to cope with the large amount of uncertainty that is inherent of natural environments. Fuzzy logic has features that make it an adequate tool to address this problem. In this paper, we review some of the possible uses of fuzzy logic in the field of autonomous navigation. We focus on four issues: how to design robust behavior-producing modules; how to coordinate the activity of several such modules; how to use data from the sensors; and how to integrate high-level reasoning and low-level execution. For each issue, we review some of the proposals in the literature, and discuss the pros and cons of fuzzy logic solutions.",
issn = "1432-7643",
doi ="10.1007/s005000050020",
url = "https://doi.org/10.1007/s005000050020"
}

@INPROCEEDINGS{Todorov2012,
author ={E. Todorov and T. Erez and Y. Tassa},
booktitle ={2012 IEEE/RSJ International Conference on Intelligent Robots and Systems},
title ={MuJoCo: A physics engine for model-based control},
year ={2012},
volume ={},
number ={},
pages ={5026-5033},
keywords ={C++ language;XML;application program interfaces;control engineering computing;data structures;finite difference methods;humanoid robots;optimal control;program compilers;shock absorbers;12-core machine;3D humanoid;MuJoCo;active contacts;actuator activation states;built-in compiler transforms;finite differencing;high-level C++ API;intuitive XML file format;model-based control;multijoint dynamics;optimal control applications;optimized data structure;physics engine;recursive algorithms;runtime computation;spring-dampers;tendon wrapping;velocity-stepping approach;Computational modeling;Dynamics;Engines;Heuristic algorithms;Mathematical model;Optimization},
doi ={10.1109/IROS.2012.6386109},
ISSN ={2153-0858},
month ={Oct},}

@INPROCEEDINGS{Hodgins1996,
author ={J. K. Hodgins},
booktitle ={Proceedings of IEEE International Conference on Robotics and Automation},
title ={Three-dimensional human running},
year ={1996},
volume ={4},
number ={},
pages ={3271-3276 vol.4},
keywords ={biomechanics;computer animation;digital simulation;graphical user interfaces;motion control;virtual reality;biomechanical data;human runner;locomotion control algorithms;real video images;rigid body model;three-dimensional human running;Animation;Anthropometry;Bioinformatics;Biological system modeling;Computational modeling;Educational institutions;Humanoid robots;Humans;Legged locomotion;Motion control},
doi ={10.1109/ROBOT.1996.509211},
ISSN ={1050-4729},
month ={Apr},}

@article{Mita1984,
author = {T. Mita and T. Yamaguchi and T. Kashiwase and T. Kawase },
title = {Realization of a high speed biped using modern control theory},
journal = {International Journal of Control},
volume = {40},
number = {1},
pages = {107-119},
year = {1984},
publisher = {Taylor & Francis},
doi = {10.1080/00207178408933260},

URL = {
https://doi.org/10.1080/00207178408933260

},
eprint = {
https://doi.org/10.1080/00207178408933260
}
}

@ARTICLE{Reil2002,
author={T. Reil and P. Husbands},
journal={IEEE Transactions on Evolutionary Computation},
title={Evolution of central pattern generators for bipedal walking in a real-time physics environment},
year={2002},
volume={6},
number={2},
pages={159-168},
keywords={acoustic transducers;direction-of-arrival estimation;evolutionary computation;legged locomotion;neurocontrollers;optimal control;recurrent neural nets;stability;3D physically simulated biped locomotion;bipedal walking;central pattern generator evolution;directional walking;evolutionary algorithms;evolutionary control problem;evolutionary optimization;evolutionary robotics;planar surface;real-time physics environment;recurrent neural network evolution;rigid-body simulation;sensory input;sound source location;stable straight-line walking;Animation;Computer graphics;Evolution (biology);Evolutionary computation;Humans;Legged locomotion;Physics;Recurrent neural networks;Robot sensing systems;Zoology},
doi={10.1109/4235.996015},
ISSN={1089-778X},
month={Apr},}

@ARTICLE{Lewis1996,
author={F. L. Lewis and A. Yesildirek and K. Liu},
journal={IEEE Transactions on Neural Networks},
title={Multilayer neural-net robot controller with guaranteed tracking performance},
year={1996},
volume={7},
number={2},
pages={388-399},
keywords={backpropagation;closed loop systems;feedforward neural nets;manipulator dynamics;neurocontrollers;real-time systems;tracking;backpropagation;closed-loop dynamic control;delta rule;error bound;feedback;filtered error;multilayer neural-net;neurocontroller;online weight tuning;passivity;serial-link rigid robot;tracking;Backpropagation algorithms;Neural networks;Neurons;Nonhomogeneous media;Nonlinear dynamical systems;Performance analysis;Robot control;Robot sensing systems;Robust control;Robust stability},
doi={10.1109/72.485674},
ISSN={1045-9227},
month={March},}

@article{Randall1992,
author = {R. D. Beer and J. C. Gallagher},
title ={Evolving Dynamical Neural Networks for Adaptive Behavior},
journal = {Adaptive Behavior},
volume = {1},
number = {1},
pages = {91-122},
year = {1992},
doi = {10.1177/105971239200100105},
URL = {
https://doi.org/10.1177/105971239200100105
},
eprint = {
https://doi.org/10.1177/105971239200100105
}
}

@INPROCEEDINGS{Farooq2013,
author={S. S. Farooq and K. J. Kim},
booktitle={2013 Second International Conference on Robot, Vision and Signal Processing},
title={Evolution of Neural Controllers for Simulated and Real Quadruped Robots},
year={2013},
volume={},
number={},
pages={295-298},
keywords={control system synthesis;evolutionary computation;mobile robots;neurocontrollers;random processes;statistical distributions;ENN;automatic control system design;autonomous robotic system;evolutionary computation;evolutionary computing;evolutionary neural network;evolutionary robotics;neural controllers;random distribution;real quadruped robots;simulated quadruped robots;simulation environment;Actuators;Collision avoidance;Legged locomotion;Neurons;Robot sensing systems;Evolutionary Neural Controller;Evolutionary Robotics;Quadruped Robot;Systematic Analysis},
doi={10.1109/RVSP.2013.73},
ISSN={2376-9793},
month={Dec},}

@INPROCEEDINGS{Macedo2017,
author={J. Macedo and L. Marques and E. Costa},
booktitle={2017 IEEE International Conference on Autonomous Robot Systems and Competitions (ICARSC)},
title={Robotic odour search: Evolving a robot's brain with Genetic Programming},
year={2017},
volume={},
number={},
pages={91-97},
keywords={genetic algorithms;mobile robots;multi-robot systems;statistics;Silkworm Moth algorithm;evolutionary approaches;genetic programming;mobile robot control;multirobot systems;odour plume tracking;robot brain;robotic odour search;statistically validated results;Chemicals;Genetic programming;Robot kinematics;Robot sensing systems;Sociology;Evolutionary Robotics;Genetic Programming;Odour Search},
doi={10.1109/ICARSC.2017.7964058},
ISSN={},
month={April},}

@unknown{Wolff2007,
author = {K. Wolff and M. Wahde},
year = {2007},
month = {10},
pages = {},
title = {Evolution of Biped Locomotion Using Linear Genetic Programming},
isbn = {978-3-902613-16-5}
}

@book{Brameier2010,
author = {M. F. Brameier and W. Banzhaf},
title = {Linear Genetic Programming},
year = {2010},
isbn = {1441940480, 9781441940483},
edition = {1st},
publisher = {Springer Publishing Company, Incorporated},
}

@book{Koza1992,
author = {J. R. Koza},
title = {Genetic Programming: On the Programming of Computers by Means of Natural Selection},
year = {1992},
isbn = {0-262-11170-5},
publisher = {MIT Press},
address = {Cambridge, MA, USA},
}

@Comment{jabref-meta: databaseType:biblatex;}
